@Book{Johansen98,
  author =    {R. Johansen},
  title =        {Groupware. Computer Support for Business Teams},
  publisher =    {The Free Press},
  year =         1998,
  address =   {York and London}
}

@inproceedings{Bowers91,
 author = {John M. Bowers},
 editor = {J. M. Bowers and S. D. Benford},
 title = {The {Janus} faces of design: some critical questions for {CSCW}},
 booktitle = {Studies in computer supported cooperative work: theory, practice and design},
 year = {1991},
 pages = {333--350},
 publisher = {North-Holland Publishing Co.},
 address = {Amsterdam},
 }

@article{gerson86,
  title={{Analyzing due process in the workplace}},
  author={Gerson, E.M. and Star, S.L.},
  journal={ACM Transactions on Office Information Systems},
  volume={4},
  number={3},
  pages={257--270},
  year={1986}
}
